<collection xmlns="http://www.loc.gov/MARC21/slim">
<record>
  <leader>01635nam0a2200265 i 450 </leader>
  <controlfield tag="001">IT\ICCU\CNCE\072328</controlfield>
  <controlfield tag="005">20131119000000.0</controlfield>
  <datafield tag="012" ind1=" " ind2=" ">
    <subfield code="a">c-a- tas. uaab tuar (C) 1562 (R)</subfield>
    <subfield code="2">fei</subfield>
    <subfield code="9">0</subfield>
  </datafield>
  <datafield tag="100" ind1=" " ind2=" ">
    <subfield code="a">20080111d1562        0itac0103    ba</subfield>
  </datafield>
  <datafield tag="101" ind1=" " ind2=" ">
    <subfield code="a">LAT</subfield>
  </datafield>
  <datafield tag="102" ind1=" " ind2=" ">
    <subfield code="a">IT</subfield>
  </datafield>
  <datafield tag="200" ind1="1" ind2=" ">
    <subfield code="a">℗Nicolai Anelli Pacca medices Neapolitani Neapoli logicam profitentis ℗Quaesita logicalia. In quibus haec omnia praecipu ̈dilucidantur. 1 an logica sit ars necessaria; et quomodo. 2 quotuplex sit logica. 3 ad quae sit necessaria logica. 4 quid sit logica.5 an logica debeat cognosci ant ̈alias artes. 6 an dentur demonstratio, et definitio, quae sunt instrumenta logices. 7 an ultimae differentiae sint ignotae, et quomodo. 8 quot modus dividatur logica. 9 und ̈orta sit distinctio logices in artem veterem, et in artem novam. 10 quomod ̣antiqui logices cognitionem habuerint</subfield>
  </datafield>
  <datafield tag="210" ind1=" " ind2=" ">
    <subfield code="a">Neapoli</subfield>
    <subfield code="c">excudebat Raymundus Amatus</subfield>
    <subfield code="d">1562</subfield>
  </datafield>
  <datafield tag="215" ind1=" " ind2=" ">
    <subfield code="a">12 c.</subfield>
    <subfield code="d">fol</subfield>
  </datafield>
  <datafield tag="620" ind1=" " ind2=" ">
    <subfield code="a">IT</subfield>
    <subfield code="d">Napoli</subfield>
  </datafield>
  <datafield tag="700" ind1=" " ind2="1">
    <subfield code="a">Pacca,</subfield>
    <subfield code="b">Niccol ̣Anello</subfield>
    <subfield code="3">IT\ICCU\CNCA\012480</subfield>
  </datafield>
  <datafield tag="712" ind1="0" ind2="0">
    <subfield code="a">Amato, Raimondo</subfield>
    <subfield code="3">IT\ICCU\CNCT\000523</subfield>
    <subfield code="4">650</subfield>
  </datafield>
  <datafield tag="790" ind1=" " ind2="1">
    <subfield code="a">Pacca,</subfield>
    <subfield code="b">Nicolaus Anellus</subfield>
    <subfield code="3">IT\ICCU\CNCA\022427</subfield>
    <subfield code="z">Pacca, Niccol ̣Anello</subfield>
  </datafield>
  <datafield tag="790" ind1=" " ind2="1">
    <subfield code="a">Pacca,</subfield>
    <subfield code="b">Colanello</subfield>
    <subfield code="3">IT\ICCU\CNCA\022489</subfield>
    <subfield code="z">Pacca, Niccol ̣Anello</subfield>
  </datafield>
  <datafield tag="790" ind1=" " ind2="1">
    <subfield code="a">Pacca,</subfield>
    <subfield code="b">Niccol ̣Agnello</subfield>
    <subfield code="3">IT\ICCU\CNCA\022490</subfield>
    <subfield code="z">Pacca, Niccol ̣Anello</subfield>
  </datafield>
  <datafield tag="790" ind1=" " ind2="1">
    <subfield code="a">Pacca,</subfield>
    <subfield code="b">Cola Anello</subfield>
    <subfield code="3">IT\ICCU\CNCA\022491</subfield>
    <subfield code="z">Pacca, Niccol ̣Anello</subfield>
  </datafield>
  <datafield tag="791" ind1="0" ind2="0">
    <subfield code="a">Amatus, Raymundus</subfield>
    <subfield code="3">IT\ICCU\CNCT\004240</subfield>
    <subfield code="z">Amato, Raimondo</subfield>
  </datafield>
  <datafield tag="801" ind1=" " ind2="3">
    <subfield code="a">IT</subfield>
    <subfield code="b">ICCU</subfield>
    <subfield code="c">20201115</subfield>
  </datafield>
  <datafield tag="899" ind1=" " ind2=" ">
    <subfield code="a">Biblioteca nazionale Vittorio Emanuele III. Napoli</subfield>
    <subfield code="1">NA0079</subfield>
    <subfield code="2">NAP BN</subfield>
  </datafield>
  <datafield tag="899" ind1=" " ind2=" ">
    <subfield code="a">Biblioteca Angelica. Roma</subfield>
    <subfield code="1">RM0290</subfield>
    <subfield code="2">RML 06</subfield>
  </datafield>
</record>
</collection>
